@book{KeR88
  , author    =	{B.W. Kernighan and D.M. Ritchie}
  , title     =	{The C Programming Language (ANSI C)}
  , edition   =	{2nd}
  , publisher =	{Prentice Hall Software series}
  , year      =	{1988}
  , keywords  = {Programming, Imperative}
}
@book{BW88
  , noAUTHOR = "Richard Bird and Philip Wadler"
  , author    = "R. Bird and P. Wadler"
  , TITLE = "Introduction to Functional Programming"
  , publisher = "Prentice-Hall"
  , YEAR = "1988"
  , keywords  = {Programming, Functional}
}
@book{GRM97
  , title     = {The LaTeX Graphics Companion}
  , author    = {Michel Goossens and Sebastian Rahtz and Frank Mittelbach}
  , publisher = {Addison-Wesley}
  , year      = {1997}
  , note      = {ISBN 0-201-85469-4}
  , keywords  = {LaTeX, Programming, Graphics}
}
@book{Fl99
  , title     =   {Java in a Nutshell}
  , author=   {D. Flanagan}
  , publisher =   {O'Reilly \& Associates}
  , edition=  {3rd}
  , year  =   {1999}
  , keywords  = {Java, Programming, OO}
}
@book{La86
  , KEY = "La86"
  , AUTHOR = "L. Lamport"
  , TITLE = "\LaTeX\ --- A Document Preparation System"
  , PUBLISHER = "Addison-Wesley Publishing Company"
  , EDITION = "\nth5"
  , YEAR = "1986"
  , keywords  = {LaTeX}
}
@article{nazare_canyon,
  author    = {Arzola, R. G. and Wynn, R. B. and Lastras, G. and Masson, D. G. and Weaver, P. P. E.},
  title     = {Different frequencies and triggers of canyon filling and flushing events in Nazar√© Canyon, offshore Portugal},
  journal   = {Marine Geology},
  year      = {2008},
  volume    = {250},
  number    = {1-2},
  pages     = {38--63},
  url       = {https://www.researchgate.net/publication/222533414_Different_frequencies_and_triggers_of_canyon_filling_and_flushing_events_in_Nazare_Canyon_offshore_Portugal}
}

@article{secondary_ageostrophic,
  author    = {Hernandez-Molina, F. J. and Llave, E. and Somoza, L.},
  title     = {The secondary ageostrophic circulation in the Iberian Poleward Current along the Cantabrian Sea (Bay of Biscay)},
  journal   = {Deep-Sea Research Part II},
  year      = {2003},
  volume    = {50},
  number    = {20-21},
  pages     = {1505--1524}
}

@article{atmospheric_modes,
  author    = {Gonzalez-Pola, C. and Lavin, A. and Vargas-Yanez, M.},
  title     = {Atmospheric modes influence on Iberian Poleward Current variability},
  journal   = {Geophysical Research Letters},
  year      = {2005},
  volume    = {32},
  number    = {14},
  pages     = {L14605}
}

@misc{ocean_waves_energy,
  author    = {{Green Nation}},
  title     = {Ocean Waves - An Energy Source},
  howpublished = {\url{https://greeneration.org/en/publication/green-info/ocean-waves-energy-source/}},
  note      = {Accessed: 2025-10-07}
}

@misc{nextsea_lab,
  author    = {Matos, T. and Rocha, J. L. and Martins, M. and Goncalves, L. M.},
  title     = {Enhancing sea wave monitoring through integrated pressure sensors in smart marine cables},
  year      = {2025},
  note      = {Submitted to [Journal/Conference], April 2025}
}

@article{sonda_optical,
  author    = {Matos, T. and Faria, C. L. and Martins, M. S. M. and others},
  title     = {Development of an automated sensor for in-situ continuous monitoring of sediment deposition and erosion: the SONDA optical instrument},
  journal   = {Science of the Total Environment},
  year      = {2022},
  volume    = {808},
  pages     = {152164}
}

@article{copernicus_svpbrst,
  author    = {Poli, P. and Lucas, M. and O'Carroll, A. and Le Menn, M. and David, A. and Corlett, G. K. and Blouch, P. and Merchant, C. J. and Belbeoch, M. and Herklotz, K. and others},
  title     = {The Copernicus Surface Velocity Platform drifter with Barometer and Reference Sensor for Temperature (SVP-BRST): genesis, design, and initial results},
  journal   = {Ocean Science},
  year      = {2019},
  volume    = {15},
  pages     = {199--215}
}

@article{circling_the_seas,
  author    = {Subbaraya, S. and Breitenmoser, A. and Molchanov, A. and Muller, J. and Oberg, C. and Caron, D. A. and Sukhatme, G. S.},
  title     = {Circling the Seas: Design of Lagrangian Drifters for Ocean Monitoring},
  journal   = {IEEE Robotics \& Automation Magazine},
  year      = {2016},
  volume    = {23},
  number    = {4},
  pages     = {42--53}
}

@techreport{wind_waves_fuel,
  author    = {Degraer, S. and others},
  title     = {Wind and waves affect fuel consumption},
  institution = {Royal Belgian Institute of Natural Sciences},
  year      = {2009},
  note      = {Technical report}
}

@article{dala_lora_antenna,
  author    = {Dala, A. and Arslan, T.},
  title     = {Design, Implementation, and Measurement Procedure of Underwater and Water Surface Antenna for LoRa Communication},
  journal   = {Sensors},
  year      = {2021},
  volume    = {21},
  number    = {4},
  pages     = {1337},
  doi       = {10.3390/s21041337}
}

@manual{sim_at_commands,
  author    = {{Wistron NeWeb Corp.}},
  title     = {WNC AT Commands Guide, Version 1.2},
  year      = {2018},
  month     = {December}
}

@manual{wnc_at_commands,
  author    = {{Wistron NeWeb Corp.}},
  title     = {WNC AT Commands Guide (IMS2 project), Revision 4.1},
  year      = {2017},
  month     = {November}
}
